%%%%


@article{Tort2012,
  author =  {Adriano B. L. Tort and Z\'{e} H. Targino and Olavo B. Amaral},
  title = {Rising Publication Delays Inflate Journal Impact Factors},
  journal = {PLoS ONE},
  year = 2012,
  volume = 7,
  number =  12,
  pages = {e53374}
}


@inproceedings{BZLGaamas03,
  author = {Raphen Becker and Shlomo Zilberstein and Victor Lesser and Claudia V. Goldman},
  title = {Transition-Independent Decentralized {M}arkov Decision Processes},
  booktitle = {Proceedings of the 2nd International Conference on Autonomous Agents and Multi Agent Systems},
  year = {2003},
  pages = {41-48}
}

@article{Bjork2013,
title = {The publishing delay in scholarly peer-reviewed journals},
journal = {Journal of Informetrics },
volume = {7},
number = {4},
pages = {914-923},
year = {2013},
url = {http://www.sciencedirect.com/science/article/pii/S1751157713000734},
author = {Bo-Christer Bj\"{o}rk and David Solomon}
}


